@ARTICLE{790928,
author={L. Zhong and M. F. Rahman and W. Y. Hu and K. W. Lim and M. A. Rahman},
journal={IEEE Transactions on Energy Conversion},
title={A direct torque controller for permanent magnet synchronous motor drives},
year={1999},
volume={14},
number={3},
pages={637-642},
keywords={machine control;magnetic flux;magnetic variables control;permanent magnet motors;rotors;stators;switching;synchronous motor drives;torque control;PMSM drives;direct torque control;direct torque controller;electromagnetic torque increase;fast torque response;inner torque control loop;inverter;permanent magnet synchronous motor drives;position sensor;rotating speed increase;rotor flux linkage;standard induction motor stator;stator flux linkage;switching table;Couplings;Drives;Electromagnetic analysis;Induction motors;Magnetic analysis;Permanent magnet motors;Prototypes;Rotors;Stators;Torque control},
doi={10.1109/60.790928},
ISSN={0885-8969},
month={Sep},}

@article{SONG2005208,
title = "A computed torque controller for uncertain robotic manipulator systems: Fuzzy approach",
journal = "Fuzzy Sets and Systems",
volume = "154",
number = "2",
pages = "208 - 226",
year = "2005",
note = "",
issn = "0165-0114",
doi = "http://dx.doi.org/10.1016/j.fss.2005.03.007",
url = "http://www.sciencedirect.com/science/article/pii/S0165011405001168",
author = "Zuoshi Song and Jianqiang Yi and Dongbin Zhao and Xinchun Li",
keywords = "Robotic manipulators",
keywords = "Computed torque control",
keywords = "Fuzzy control",
keywords = "Fuzzy basis function"
}

@ARTICLE{4012291,
author={N. R. N. Idris and C. L. Toh and M. E. Elbuluk},
journal={IEEE Transactions on Industry Applications},
title={A New Torque and Flux Controller for Direct Torque Control of Induction Machines},
year={2006},
volume={42},
number={6},
pages={1358-1366},
keywords={asynchronous machines;control system synthesis;digital signal processing chips;field programmable gate arrays;machine control;magnetic variables control;numerical analysis;stators;torque control;Altera field-programmable gate array devices;DSP TMS320C31;direct torque controller;flux controller;high torque ripple;hysteresis-based controllers;induction machines;ripples reduction;variable switching frequency;Digital signal processing;Field programmable gate arrays;Hysteresis;Induction machines;Pulse modulation;Stators;Support vector machines;Switching frequency;Torque control;Voltage control;Constant switching frequency;DSP control implementation;direct torque control (DTC);field-programmable gate arrays (FPGAs);flux controller;induction machines;torque controller;torque ripple},
doi={10.1109/TIA.2006.882685},
ISSN={0093-9994},
month={Nov},}

@ARTICLE{1035149,
author={Joong-Hui Lee and Chang-Gyun Kim and Myung-Joong Youn},
journal={IEEE Transactions on Power Electronics},
title={A dead-beat type digital controller for the direct torque control of an induction motor},
year={2002},
volume={17},
number={5},
pages={739-746},
keywords={control system analysis;control system synthesis;digital control;induction motor drives;machine testing;machine theory;machine vector control;power engineering computing;rotors;stability;stators;torque control;transient response;control design;control performance;control simulation;dead-beat type digital controller;flux controllers;induction motor drive direct torque control;rotor dynamics;stability condition;stator flux reference frame;stator voltage equations;steady-state error;switching frequency;torque controllers have;transient response;z-plane analysis;Digital control;Error correction;Induction motor drives;Induction motors;Stators;Steady-state;Switching frequency;Torque control;Transient response;Transportation},
doi={10.1109/TPEL.2002.802174},
ISSN={0885-8993},
month={Sep},}